<?xml version="1.0" encoding="UTF-8"?><collection><record><leader>06454ntm a2200553 a 4500</leader><controlfield tag="001">006492233</controlfield><controlfield tag="003">MiAaHDL</controlfield><controlfield tag="005">20190719000000.0</controlfield><controlfield tag="006">m        d        </controlfield><controlfield tag="007">cr bn ---auaua</controlfield><controlfield tag="008">090428s1837    xx            00| ||ara d</controlfield><datafield tag="035" ind1=" " ind2=" "><subfield code="a">(MiU)006492233</subfield></datafield><datafield tag="035" ind1=" " ind2=" "><subfield code="a">sdr-miu006492233</subfield></datafield><datafield tag="040" ind1=" " ind2=" "><subfield code="a">MiU</subfield><subfield code="c">MiU</subfield><subfield code="e">amremm</subfield></datafield><datafield tag="043" ind1=" " ind2=" "><subfield code="a">n-us-mi</subfield></datafield><datafield tag="100" ind1="0" ind2=" "><subfield code="6">880-01</subfield><subfield code="a">ʻIyāḍ ibn Mūsá,</subfield><subfield code="d">1083-1149.</subfield></datafield><datafield tag="240" ind1="1" ind2="0"><subfield code="6">880-02</subfield><subfield code="a">Shifāʼ bi-taʻrīf ḥuqūq al-Muṣṭafá</subfield></datafield><datafield tag="245" ind1="1" ind2="0"><subfield code="6">880-03</subfield><subfield code="a">[Kitāb al-Shifāʼ bi-taʻrīf ḥuqūq al-Muṣṭafá,</subfield><subfield code="f">1253, i.e. 1837].</subfield></datafield><datafield tag="260" ind1=" " ind2=" "><subfield code="c">[1837]</subfield></datafield><datafield tag="300" ind1=" " ind2=" "><subfield code="a">440 leaves :</subfield><subfield code="b">paper ;</subfield><subfield code="c">150 x 110 (120 x 70) mm.</subfield></datafield><datafield tag="500" ind1=" " ind2=" "><subfield code="a">Shelfmark: Ann Arbor, University of Michigan, Special Collections Library, Isl. Ms. 106</subfield></datafield><datafield tag="500" ind1=" " ind2=" "><subfield code="a">Origin: As appears in colophon on p.871, transcription complete ("wa-kāna al-farāgh min naskhat al-sharīfah [?]...") 28 Ramaḍān 1253 [ca. 26 December 1837].</subfield></datafield><datafield tag="500" ind1=" " ind2=" "><subfield code="a">Accompanying materials: Various inserted slips with notes, etc. (pp.81-82, pp.565-567, between pp.590-591 [not paginated], and pp.723-724, tipped in)</subfield></datafield><datafield tag="500" ind1=" " ind2=" "><subfield code="a">Former shelfmark: British Museum, London "No. 9. Work on excellences of the Prophet Muhammad." ; on tailedge of textblock "٢٢".</subfield></datafield><datafield tag="500" ind1=" " ind2=" "><subfield code="a">Binding: Pasteboards covered in dark brown leather ; Type III binding (without flap) ; pastedowns and flyleaves in yellow wove paper ; upper and lower covers bear decorative tooled and gold-painted guilloché roll border framed by gold fillets with floret accents in corners ; sewn in rose-colored thread, two stations ; endbands at head and tail in white ; in poor condition ; back cover has split from codex as well as final signature ; leather repair on spine split and abraded at corners and showing severe red rot.</subfield></datafield><datafield tag="500" ind1=" " ind2=" "><subfield code="a">Support: mainly European laid paper with 12 laid lines per cm. (horizontal) and chain lines spaced 28 mm. apart (vertical) ; burnished ; leaves varying in heft ; watermarks include crown surmounted by fleur de lis, eagle in profile with spread wings, countermark "LV", and scrollwork ; added table of contents in wove paper.</subfield></datafield><datafield tag="500" ind1=" " ind2=" "><subfield code="a">Decoration: Simple illuminated headpiece (ʻunwān) at opening on p.26 consisting of gold-painted rectangular panel surmounted by gold-painted semi-circular piece (dome) with vertical stalks (tīgh) in black ; written area of incipit and facing page surrounded by heavy gold frame ; textual dividers in the form of gold discs appear on incipit and facing page ; section headings, some vocalization scattered throughout codex, and notabilia markers in text rubricated ; occasional textual dividers in the form of inverted commas in red ;</subfield></datafield><datafield tag="500" ind1=" " ind2=" "><subfield code="a">Script: Naskh ; elegant Ottoman hand ; partially seriffed ; mainly open counters ; curvilinear descenders ; effect of tilt to the left.</subfield></datafield><datafield tag="500" ind1=" " ind2=" "><subfield code="a">Layout: Written in 15 lines per page ; frame-ruled.</subfield></datafield><datafield tag="500" ind1=" " ind2=" "><subfield code="a">Collation: i, 2 V(20), V+1 (31), 20 V(231), V+1 (242), 18 V(422), IV (430), V (440), i ; chiefly quinions ; no proper catchwords, but last word of final line on verso of each leaf is repeated at the beginning of the first line on the following recto ; foliation in black ink, Hindu-Arabic numerals ; pagination in pencil, Western numerals (supplied during digitization, includes flyleaves and three inserts ; drops ten pages with p.665 followed by p.656).</subfield></datafield><datafield tag="500" ind1=" " ind2=" "><subfield code="a">Colophon: "Scribal," triangular, reads: "والحمد لله و كفى اسئله الوفاء وكان الفراغ من نسخة الشريفة في وقت الضحى في يوم الاربع الثمانية و العشرين من شهر رمضان المبارك سنة ثلاث و خمسين و ماتين و الف سنة ١٢٥٣"</subfield></datafield><datafield tag="500" ind1=" " ind2=" "><subfield code="a">Explicit: "فهو الجواد الذي لا يخيب من امله ولا ينتصر من خذله ولا يرد دعوة القاصدين ولا يصلح عمل المفسدين وهو حسبنا ونعم الوكيل و صلى الله على سيدنا و نبينا محمد خاتم النبيين وعلى اله وصحبه اجمعين وسلم تسليما كثيرا دائما الى يوم الدين ورضي الله تعالى عن اصحاب رسول الله اجمعين"</subfield></datafield><datafield tag="500" ind1=" " ind2=" "><subfield code="a">Incipit: "الحمد لله المتفرد باسمه الاسمى المختص بالملك الاعز الاحمى الذي ليس دونه منتهى ولا وراءه مرمى ... اما بعد اشرق الله قلبي وقلبك بانوار اليقين ولطف لي ولك بما لطف به لاوليائه المتقين"</subfield></datafield><datafield tag="500" ind1=" " ind2=" "><subfield code="a">Title supplied by cataloguer.</subfield></datafield><datafield tag="500" ind1=" " ind2=" "><subfield code="a">Ms. codex.</subfield></datafield><datafield tag="510" ind1="4" ind2=" "><subfield code="a">Brockelmann, C. GAL,</subfield><subfield code="c">I, 369 (5/1) ; SI, 630 (5/1)</subfield></datafield><datafield tag="520" ind1="8" ind2=" "><subfield code="a">Fine copy of the treatise on devotional obligations towards the Prophet, illuminating his virtues and characteristics. Description provided mainly by Sarah Mirza.</subfield></datafield><datafield tag="538" ind1=" " ind2=" "><subfield code="a">Mode of access: Internet.</subfield></datafield><datafield tag="541" ind1=" " ind2=" "><subfield code="c">Purchase ;</subfield><subfield code="a">Acquired by purchase along with Abdul Hamid Collection (funds donated by Horace Rackham).</subfield><subfield code="d">1924.</subfield></datafield><datafield tag="546" ind1=" " ind2=" "><subfield code="a">Arabic.</subfield></datafield><datafield tag="561" ind1=" " ind2=" "><subfield code="a">Bookplate of British Museum, London on upper cover,"British Museum, London. No. 9. Work on excellences of the Prophet Muhammad." ; circular seal impression with figure of goat/gazelle in purple ink as well as inscription "294" in Western numerals on front flyleaf (p.1) ; circular waqf-seal impression in black ink appears on 'title page' (p.25) and several places throughout, reads: "هذا وقف الراجي فيض الصمدي الشيخ احمد ضيا الدين ابن مصطفى الخالدي فمن بدله بعد ما سمعه فانما اثمه على الذين يبدلونه" in name of Aḥmad Ḍiyāʼ al-Dīn ibn Muṣṭafá al-Khālidī (i.e. Ahmed Ziyâüddîn Gümüşhanevî, d. 1893 or 4) ; numerous glosses and marginal corrections.</subfield></datafield><datafield tag="600" ind1="0" ind2="0"><subfield code="a">Muḥammad,</subfield><subfield code="c">Prophet,</subfield><subfield code="d">-632</subfield><subfield code="v">Prayers and devotions</subfield><subfield code="v">Early works to 1800.</subfield></datafield><datafield tag="600" ind1="0" ind2="0"><subfield code="a">Muḥammad,</subfield><subfield code="c">Prophet,</subfield><subfield code="d">-632</subfield><subfield code="v">Biography</subfield><subfield code="v">Early works to 1800.</subfield></datafield><datafield tag="650" ind1=" " ind2="0"><subfield code="a">Manuscripts, Arabic</subfield><subfield code="z">Michigan</subfield><subfield code="z">Ann Arbor.</subfield></datafield><datafield tag="655" ind1=" " ind2="7"><subfield code="a">Headpieces (layout features)</subfield><subfield code="y">19th century.</subfield><subfield code="2">aat</subfield></datafield><datafield tag="773" ind1="0" ind2=" "><subfield code="a">Tiflis Collection.</subfield></datafield><datafield tag="880" ind1="1" ind2="0"><subfield code="6">245-03/</subfield><subfield code="a">[كتاب الشفاء بتعريف حقوق المصطفى,</subfield><subfield code="f">1253ه, 1837م].</subfield></datafield><datafield tag="880" ind1="1" ind2="0"><subfield code="6">240-02/</subfield><subfield code="a">شفاء بتعريف حقوق مصطفى</subfield></datafield><datafield tag="880" ind1="0" ind2=" "><subfield code="6">100-01/</subfield><subfield code="a">عياض بن موسى.</subfield></datafield><datafield tag="CID" ind1=" " ind2=" "><subfield code="a">006492233</subfield></datafield><datafield tag="DAT" ind1="0" ind2=" "><subfield code="a">20190719102634.0</subfield><subfield code="b">20190719000000.0</subfield></datafield><datafield tag="DAT" ind1="1" ind2=" "><subfield code="a">20190719090653.0</subfield><subfield code="b">2019-07-19T16:11:01Z</subfield></datafield><datafield tag="DAT" ind1="2" ind2=" "><subfield code="a">2015-10-10T18:00:06Z</subfield></datafield><datafield tag="CAT" ind1=" " ind2=" "><subfield code="a">SDR-MIU</subfield><subfield code="d">EX LIBRIS - ALEPH</subfield><subfield code="l">prepare.pl-004-008</subfield></datafield><datafield tag="FMT" ind1=" " ind2=" "><subfield code="a">BK</subfield></datafield><datafield tag="HOL" ind1=" " ind2=" "><subfield code="0">sdr-miu006492233</subfield><subfield code="a">MiU</subfield><subfield code="b">SDR</subfield><subfield code="c">MIU</subfield><subfield code="p">mdp.39015079125517</subfield><subfield code="s">MIU</subfield><subfield code="1">006492233</subfield></datafield><datafield tag="974" ind1=" " ind2=" "><subfield code="b">MIU</subfield><subfield code="c">MIU</subfield><subfield code="d">20190719</subfield><subfield code="s">lit-dlps-dc</subfield><subfield code="u">mdp.39015079125517</subfield><subfield code="y">1837</subfield><subfield code="r">pd</subfield><subfield code="q">bib</subfield><subfield code="t">non-US bib date1 &lt; 1896</subfield></datafield></record></collection>